@article{ahmadDuraisamyYousefBuckles,
    author    = {Javaria Ahmad, Prakash Duraisamy, Amr Yousef and Bill Buckles},
    journal   = {International Conference on Computing, Communication and Networking Technologies (ICCCNT)},
    number    = {8},
    publisher = {IEEE},
    title     = {Movie success prediction using data mining},
    url       = {https://ieeexplore.ieee.org/abstract/document/8204173},
    year      = {2017}
}

@article{collinsHandSnell,
    author  = {Alan Collins, Chris Hand, Martin C. Snell},
    journal = {Managerial and Decision Economics},
    title   = {What makes a blockbuster? Economic analysis of film success in the United Kingdom},
    url     = {https://doi.org/10.1002/mde.1069},
    volume  = {23},
    year    = {2002}
}

@misc{data:IMDb,
    author = {Gonzalez, Ivan},
    note   = {Scraped from https://IMDB.com},
    title  = {1000 IMDB movies (2006-2016)},
    url    = {https://www.kaggle.com/datasets/gan2gan/1000-imdb-movies-20062016},
    year   = {2023}
}

@misc{data:TMD,
    author = {Banik, Rounak},
    note   = {},
    title  = {The Movies Dataset},
    url    = {https://www.kaggle.com/datasets/rounakbanik/the-movies-dataset?resource=download},
    year   = {2018}
}

@article{dhirRaj,
    author    = {Rijul Dhir and Anand Raj},
    journal   = {International Conference on Secure Cyber Computing and Communication (ICSCCC)},
    number    = {1},
    publisher = {IEEE},
    title     = {Movie Success Prediction using Machine Learning Algorithms and their Comparison},
    url       = {https://ieeexplore.ieee.org/abstract/document/8703320},
    year      = {2018}
}

@misc{imdbOldest,
    author = {Alexander Black},
    title  = {Miss Jerry},
    url    = {https://www.imdb.com/title/tt0000009/?ref_=adv_li_tt},
    year   = {1894}
}

@online{imdbStats,
    author = {IMDb},
    title  = {IMDb Statistics},
    url    = {https://www.imdb.com/pressroom/stats/},
    year   = {2022}
}

@book{KStest,
    author    = {Chakravarti, Laha, and Roy},
    pages     = {392--394},
    publisher = {John Wiley and Sons},
    title     = {Handbook of Methods of Applied Statistics},
    volume    = {1},
    year      = {1967}
}

@online{rottenTomatoesGodfather,
    author = {Francis Ford Coppola},
    title  = {The Godfather},
    url    = {https://www.rottentomatoes.com/m/the_godfather},
    year   = {1972}
}

@online{rottenTomatoesLastJedi,
    author = {Rian Johnson},
    title  = {Star Wars: The Last Jedi},
    url    = {https://www.rottentomatoes.com/m/star_wars_the_last_jedi},
    year   = {2017}
}
